<?xml version="1.0" encoding="UTF-8"?><record xmlns="http://www.loc.gov/MARC21/slim" xmlns:cinclude="http://apache.org/cocoon/include/1.0" xmlns:zs="http://www.loc.gov/zing/srw/">
  <leader>00598cz  a2200145n  4500</leader>
  <controlfield tag="001">no 96065024 </controlfield>
  <controlfield tag="003">DLC</controlfield>
  <controlfield tag="005">20120802083554.0</controlfield>
  <controlfield tag="008">961210n| acannaab           |n ana     c</controlfield>
  <datafield tag="010" ind1=" " ind2=" ">
    <subfield code="a">no 96065024 </subfield>
  </datafield>
  <datafield tag="035" ind1=" " ind2=" ">
    <subfield code="a">(OCoLC)oca04226279</subfield>
  </datafield>
  <datafield tag="040" ind1=" " ind2=" ">
    <subfield code="a">InU</subfield>
    <subfield code="b">eng</subfield>
    <subfield code="c">InU</subfield>
    <subfield code="d">DLC</subfield>
  </datafield>
  <datafield tag="111" ind1="2" ind2=" ">
    <subfield code="a">Convegno "Goldoni sulla scena italiana dell'Ottocento"</subfield>
    <subfield code="d">(1992 :</subfield>
    <subfield code="c">Venice, Italy)</subfield>
  </datafield>
  <datafield tag="667" ind1=" " ind2=" ">
    <subfield code="a">THIS 1XX FIELD CANNOT BE USED UNDER RDA UNTIL THIS RECORD HAS BEEN REVIEWED AND/OR UPDATED</subfield>
  </datafield>
  <datafield tag="670" ind1=" " ind2=" ">
    <subfield code="a">Goldoni e l'Ottocento, c1992:</subfield>
    <subfield code="b">p. 1 (Convegno "Goldoni sulla scena italiana dell'Ottocento", held in Venice, November 20-21, 1992)</subfield>
  </datafield>
</record>